List of references that are textbooks
Requires mhchem(version 3) package.

Format for identifiers: "YYYY-firstauthorslastname".
Omit accents, capitalization etc in identifiers.
Journals: title, author, journal, volume, number, pages, year
Proceedings: title, author, booktitle, volume, pages, year
Enclose title in {} for custom capitalization.
Enclose chemical formulae in \ce{}.
Keep the list chronological.

@book{1996-eckbreth,
  title = "Laser diagnostics for combustion temperature and species",
  author = "A. C. Eckbreth",
  publisher = "CRC",
  year = "1996"
}

@book{1996-glassman,
  title = "Combustion",
  author = "I. Glassman",
  publisher = "Academic Press",
  year = "1996"
}

@book{2006-law,
  title = "Combustion Physics",
  author = "C. K. Law",
  publisher = "Cambridge University Press",
  year = "2006"
}

