List of papers relating to: CH PLIF quenching
Requires mhchem(version 3) package.

Format for identifiers: "YYYY-firstauthorslastname": Omit accents, capitalization etc.
Include title, author, journal/booktitle, volume and/or number, pages, year for each entry.
Enclose title in {} for custom capitalization. \ce{} capitalization is preserved.
Keep the list chronological.

@article{1932-dunham,
  title = "The Energy Levels of a Rotating Vibrator",
  author = "J. L. Dunham",
  journal = "Physical Review",
  volume = "41",
  number = "6",
  pages = "721--731",
  year = "1932"
}

@article{1969-herzberg,
  title = "{New spectra of the CH molecule}",
  author = "G. Herzberg and J. W. C. Johns",
  journal = "The Astrophysical Journal",
  volume = "158",
  number = "1",
  pages = "399--418",
  year = "1969"
}

@article{1976-brzozowski,
  title = "{Predissociation effects in the \(A\), \(B\), and \(C\) states of CH and the interstellar formation rate of CH via inverse predissociation}",
  author = "J. Brzozowski and P. Bunker and N. Elander and P. Erman",
  journal = "The Astrophysical Journal",
  volume = "207",
  number = "1",
  pages = "414--424",
  year = "1976"
}

@article{1983-tabares,
  title = "{Electronic quenching of CH(\(A^2\Delta-X^2\Pi\)) and OH(\(A^2\Sigma^+-X^2\Pi\)) by \ce{N2} and \ce{O2}}",
  author = "F. L. Tabar\'{e}s and A. Gonz\'{a}lez Ure\~{n}a",
  journal = "Journal of Photochemistry",
  volume = "21",
  number = "4",
  pages = "281--289",
  year = "1983"
}

@article{1984-cool,
  title = "{Direct observations of chemi-ionization in hydrocarbon flames enhanced by laser excited CH*(\(A^2\Delta\)) and CH*(\(B^2\Sigma^-\))}",
  author = "T. A. Cool and P. J. H. Tjossem",
  journal = "Chemical Physics Letters",
  volume = "111",
  number = "1-2",
  pages = "82--88",
  year = "1984"
}

@article{1984-nokes,
  title = "{Time-resolved kinetic studies of electronically excited CH radicals. II. Quenching efficiencies for CH(\(A^2\Delta\))}",
  author = "C. J. Nokes and R. J. Donovan",
  journal = "Chemical Physics",
  volume = "90",
  number = "1-2",
  pages = "167--174",
  year = "1984"
}

@article{1985-garland-a,
  title = "{Relative transition probability measurements in the \(A-X\) and \(B-X\) systems of CH}",
  author = "N. L. Garland and D. R. Crosley",
  journal = "Journal of Quantitative Spectroscopy and Radiative Transfer",
  volume = "33",
  number = "6",
  pages = "591--595",
  year = "1985"
}

@article{1985-garland-b,
  title = "{Energy transfer processes in CH \(A^2\Delta\) and \(B^2\Sigma^-\) in an atmospheric pressure flame}",
  author = "N. L. Garland and D. R. Crosley",
  journal = "Applied Optics",
  volume = "24",
  number = "23",
  pages = "4229--4237",
  year = "1985"
}

@inproceedings{1986-garland,
  title = "{On the collisional quenching of electronically excited OH, NH and CH in flames}",
  author = "N. L. Garland and D. R. Crosley",
  booktitle = "Symposium (International) on Combustion",
  volume = "21",
  pages = "1693--1702",
  year = "1986"
}

@article{1987-garland,
  title = "{Collisional quenching of CH \(A^2\Delta, v'=0\) at 1300 K}",
  author = "N. L. Garland and D. R. Crosley",
  journal = "Chemical Physics Letters",
  volume = "134",
  number = "2",
  pages = "189--194",
  year = "1987"
}

@article{1988-heinrich,
  title = "{Collisional quenching at 300 K: CH(\(A^2\Delta\)) by \ce{H2O}, \ce{NH3} and other gases and NH(\(A^3\Pi\)) by \ce{H2O}}",
  author = "P. Heinrich and R. D. Kenner and F. Stuhl",
  journal = "Chemical Physics Letters",
  volume = "147",
  number = "6",
  pages = "575--580",
  year = "1988"
}

@article{1988-rensberger,
  title = "{Time-resolved CH(\(A^2\Delta\) and \(B^2\Sigma^-\)) laser-induced fluorescence in low pressure hydrocarbon flames}",
  author = "K. J. Rensberger and M. J. Dyer and R. A. Copeland",
  journal = "Applied Optics",
  volume = "27",
  number = "17",
  pages = "3679--3689",
  year = "1988"
}

@article{1991-heard,
  title = "{Collisional quenching of \(A^2\Sigma^+\) NO and \(A^2\Delta\) CH in low pressure flames}",
  author = "D. E. Heard and J. B. Jeffries and D. R. Crosley",
  journal = "Chemical Physics Letters",
  volume = "178",
  number = "5,6",
  pages = "533--537",
  year = "1991"
}

@article{1992-chen,
  title = "{Collisional quenching of CH(\(A^2\Delta\)) at 300 K by \ce{O2}, alkane, chloromethane and \ce{CS2} molecules}",
  author = "C. Chen and X. Wang and S. Yu and Q. Lu and X. Ma",
  journal = "Chemical Physics Letters",
  volume = "197",
  number = "3",
  pages = "286--291",
  year = "1992"
}

@article{1992-cooper,
  title = "{Collisional Removal Rates for Electronically Excited CH Radicals \(B^2\Sigma^-\) and \(C^2\Sigma^+\)}",
  author = "J. L. Cooper and J. C. Whitehead",
  journal = "Journal of the Chemical Society, Faraday Transactions",
  volume = "88",
  number = "16",
  pages = "2323--2327",
  year = "1992"
}

@article{1993-chen,
  title = "{Time-resolved kinetic studies on quenching of CH(\(A^2\Delta\) and \(B^2\Sigma^-\)) by \ce{(CX3)2CO}, \ce{CF3COOX}, and \ce{CXCl3} (X=H or D) and alkane molecules}",
  author = "C. Chen and Q. Ran and S. Yu and X. Ma",
  journal = "The Journal of Chemical Physics",
  volume = "99",
  number = "2",
  pages = "1070--1075",
  year = "1993"
}

@article{1994-chen,
  title = "{Investigation of the collisional quenching of CH(\(A^2\Delta\) and \(B^2\Sigma^-\)) by Ar, \ce{O2}, \ce{CS2}, alcohol, and halomethane molecules}",
  author = "C. Chen and Y. Sheng and S. Yu and X. Ma",
  journal = "The Journal of Chemical Physics",
  volume = "101",
  number = "7",
  pages = "5727--5730",
  year = "1994"
}

@article{1995-heinrich,
  title = "{Electronic Quenching of CH(\(A^2\Delta\)) and NH(\(A^3\Pi\)) between 300 and 950 K}",
  author = "P. Heinrich and F. Stuhl",
  journal = "Chemical Physics",
  volume = "199",
  number = "1",
  pages = "105--118",
  year = "1995"
}

@article{1995-zachwieja,
  title = "{New Investigations of the \(A^2\Delta-X^2\Pi\) Band System in the CH Radical and a New Reduction of the Vibration-Rotation Spectrum of CH from the ATMOS Spectra}",
  author = "M. Zachwieja",
  journal = "Journal of Molecular Spectroscopy",
  volume = "170",
  number = "2",
  pages = "285--309",
  year = "1995"
}

@article{1996-luque-a,
  title = "{Absolute CH concentrations in low-pressure flames measured with laser-induced fluorescence}",
  author = "J. Luque and D. R. Crosley",
  journal = "Applied Physics B: Lasers and Optics",
  volume = "63",
  number = "1",
  pages = "91--98",
  year = "1996"
}

@article{1996-luque-b,
  title = "{Electronic transition moment and rotational transition probabilities in CH. I. \(A^2\Delta-X^2\Pi\) system}",
  author = "J. Luque and D. R. Crosley",
  journal = "Journal of Chemical Physics",
  volume = "104",
  number = "6",
  pages = "2146--2155",
  year = "1996"
}

@article{1996-luque-c,
  title = "{Electronic transition moment and rotational transition probabilities in CH. II. \(B^2\Sigma^--X^2\Pi\) system}",
  author = "J. Luque and D. R. Crosley",
  journal = "Journal of Chemical Physics",
  volume = "104",
  number = "11",
  pages = "3907--3913",
  year = "1996"
}

@article{1998-chen,
  title = "{Temperature effect on quenching of CH(\(A^2\Delta\))}",
  author = "C. Chen and F. Wang and Y. Chen and X. Ma",
  journal = "Chemical Physics",
  volume = "230",
  number = "2--3",
  pages = "317--325",
  year = "1998"
}

@article{1998-kumar,
  title = "{Highly predissociative levels of CH \(B^2\Sigma^-\) state detected with two-color resonant four-wave mixing spectroscopy}",
  author = "A. Kumar and C. Hsiao and W. Hung and Y. Lee",
  journal = "Journal of Chemical Physics",
  volume = "109",
  number = "10",
  pages = "3824--3830",
  year = "1998"
}

@article{1998-tamura,
  title = "{Collisional Quenching of CH(\(A\)), OH(\(A\)), and NO(\(A\)) in Low Pressure Hydrocarbon Flames}",
  author = "M. Tamura and P. A. Berg and J. E. Harrington and J. Luque and J. B. Jeffries and G. P. Smith and D. R. Crosley",
  journal = "Combustion and Flame",
  volume = "114",
  number = "3-4",
  pages = "502--514",
  year = "1998"
}

@manual{1999-luque,
  title = "{LIFBASE: Database and Spectral Simulation Program (Version 1.5)}",
  author = "J. Luque and D. R. Crosley",
  organization = "SRI International Report MP 99-009",
  year = "1999"
}

@article{2000-cerezo,
  title = "{Rotational level dependence in the collisional removal of CH/D(\(A^2\Delta\))}",
  author = "C. Cerezo and M. Martin",
  journal = "Journal of Photochemistry and Photobiology A: Chemistry",
  volume = "134",
  number = "1--2",
  pages = "127--132",
  year = "2000"
}

@article{2000-luque,
  title = "{Collisional processes near the CH \(B^2\Sigma^- v'=0, 1\) predissociation limit in laser-induced fluorescence flame diagnostics}",
  author = "J. Luque and R. J. H. Klein-Douwel and J. B. Jeffries and D. R. Crosley",
  journal = "Applied Physics B: Lasers and Optics",
  volume = "71",
  number = "1",
  pages = "85--94",
  year = "2000"
}

@article{2000-randall,
  title = "{State-specific collisional coupling of the CH \(A^2\Delta\) and \(B^2\Sigma^-\) states}",
  author = "C. J. Randall and C. Murray and K. G. McKendrick",
  journal = "Physical Chemistry Chemical Physics",
  volume = "2",
  number = "4",
  pages = "461--471",
  year = "2000"
}

@article{2002-luque,
  title = "{Quantitative laser-induced fluorescence of CH in atmospheric pressure flames}",
  author = "J. Luque and R. J. H. Klein-Douwel and J. B. Jeffries and G. P. Smith and D. R. Crosley",
  journal = "Applied Physics B: Lasers and Optics",
  volume = "75",
  number = "6",
  pages = "779--790",
  year = "2002"
}

@inproceedings{2002-renfro,
  title = "{Cross sections for quenching of CH \(A^2\Delta, v'=0\), by \ce{N2} and \ce{H2O} from 1740 to 2160 K}",
  author = "M. W. Renfro and K. K. Venkatesan and N. M. Laurendeau",
  booktitle = "Proceedings of the Combustion Institute",
  volume = "29",
  pages = "2695--2702",
  year = "2002"
}

@article{2005-richmond,
  title = "{Collision-Partner Dependence of Energy Transfer between the CH \(A^2\Delta\) and \(B^2\Sigma^-\) States}",
  author = "G. Richmond and M. L. Costen and K. G. McKendrick",
  journal = "The Journal of Physical Chemistry A",
  volume = "109",
  number = "4",
  pages = "542--553",
  year = "2005"
}

