List of papers relating to: CH PLIF
Requires mhchem(version 3) package.

Format for identifiers: "YYYY-firstauthorslastname".
Omit accents, capitalization etc in identifiers.
Journals: title, author, journal, volume, number, pages, year
Proceedings: title, author, booktitle, volume, pages, year
Enclose title in {} for custom capitalization.
Enclose chemical formulae in \ce{}.
Keep the list chronological.

Introduces Dunham polynomials for calculating energy levels
@article{1932-dunham,
  title = "The Energy Levels of a Rotating Vibrator",
  author = "J. L. Dunham",
  journal = "Physical Review",
  volume = "41",
  number = "6",
  pages = "721--731",
  year = "1932"
}

CH spectroscopic constants
@article{1969-herzberg,
  title = "New spectra of the \ce{CH} molecule",
  author = "G. Herzberg and J. W. C. Johns",
  journal = "The Astrophysical Journal",
  volume = "158",
  number = "1",
  pages = "399--418",
  year = "1969"
}

Fenimore/Prompt NOx mechanism
@inproceedings{1971-fenimore,
  title = "Formation of nitric oxide in premixed hydrocarbon flames",
  author = "C. P. Fenimore",
  booktitle = "Symposium (International) on Combustion",
  volume = "13",
  pages = "373--380",
  year = "1971"
}  

First Detection of CH in a flame
@article{1973-barnes,
  title = "{Dye-Laser Excited \ce{CH} Flame Fluorescence}",
  author = "R. H. Barnes and C. E. Moeller and J. F. Kircher and C. M. Verber",
  journal = "Applied Optics",
  volume = "12",
  number = "11",
  pages = "2531--2532",
  year = "1973"
}

More CH spectroscopic constants
@article{1976-brzozowski,
  title = "{Predissociation effects in the \(A\), \(B\), and \(C\) states of \ce{CH} and the interstellar formation rate of \ce{CH} via inverse predissociation}",
  author = "J. Brzozowski and P. Bunker and N. Elander and P. Erman",
  journal = "The Astrophysical Journal",
  volume = "207",
  number = "1",
  pages = "414--424",
  year = "1976"
}

Review of early LIF work
@inproceedings{1981-eckbreth,
  title = "Recent advances in laser diagnostics for temperature and species concentration in combustion",
  author = "A. C. Eckbreth",
  booktitle = "Symposium (International) on Combustion",
  volume = "18",
  pages = "1471--1488",
  year = "1981"
}

Saturation intensity for CH PLIF
@inproceedings{1981-verdieck,
  title = "Laser-induced saturated fluorescence investigations of \ce{CH}, \ce{CN} and \ce{NO} in flames",
  author = "J. F. Verdieck and P. A. Bonczyk",
  booktitle = "Symposium (International) on Combustion",
  volume = "18",
  pages = "1559--1566",
  year = "1981"
}

Quenching studies
@article{1983-nokes,
  title = "{Direct kinetic study of \ce{CH}(\(A^2\Delta\))}",
  author = "C. J. Nokes and G. Gilbert and R. J. Donovan",
  journal = "Chemical Physics Letters",
  volume = "99",
  number = "5-6",
  pages = "491--493",
  year = "1983"
}

Quenching studies
@article{1983-tabares,
  title = "{Electronic quenching of \ce{CH}(\(A^2\Delta-X^2\Pi\)) and \ce{OH}(\(A^2\Sigma^+-X^2\Pi\)) by \ce{N2} and \ce{O2}}",
  author = "F. L. Tabar\'{e}s and A. Gonz\'{a}lez Ure\~{n}a",
  journal = "Journal of Photochemistry",
  volume = "21",
  number = "4",
  pages = "281--289",
  year = "1983"
}

Quenching constants
@article{1984-cool,
  title = "{Direct observations of chemi-ionization in hydrocarbon flames enhanced by laser excited \ce{CH}*(\(A^2\Delta\)) and \ce{CH}*(\(B^2\Sigma^-\))}",
  author = "T. A. Cool and P. J. H. Tjossem",
  journal = "Chemical Physics Letters",
  volume = "111",
  number = "1-2",
  pages = "82--88",
  year = "1984"
}

Quenching studies
@article{1984-nokes,
  title = "{Time-resolved kinetic studies of electronically excited \ce{CH} radicals. II. Quenching efficiencies for CH(\(A^2\Delta\))}",
  author = "C. J. Nokes and R. J. Donovan",
  journal = "Chemical Physics",
  volume = "90",
  number = "1-2",
  pages = "167--174",
  year = "1984"
}

Quenching studies
@article{1985-garland-a,
  title = "{Relative transition probability measurements in the \(A-X\) and \(B-X\) systems of \ce{CH}}",
  author = "N. L. Garland and D. R. Crosley",
  journal = "Journal of Quantitative Spectroscopy and Radiative Transfer",
  volume = "33",
  number = "6",
  pages = "591--595",
  year = "1985"
}

Quenching studies
@article{1985-garland-b,
  title = "{Energy transfer processes in \ce{CH} \(A^2\Delta\) and \(B^2\Sigma^-\) in an atmospheric pressure flame}",
  author = "N. L. Garland and D. R. Crosley",
  journal = "Applied Optics",
  volume = "24",
  number = "23",
  pages = "4229--4237",
  year = "1985"
}

Early imaging of CH
@article{1986-allen,
  title = "Digital imaging of reaction zones in hydrocarbon-air flames using planar laser-induced fluorescence of \ce{CH} and \ce{C2}",
  author = "M. G. Allen and R. D. Howe and R. K. Hanson",
  journal = "Optics Letters",
  volume = "11",
  number = "3",
  pages = "126--128",
  year = "1986"
}

Quenching studies
@inproceedings{1986-garland,
  title = "On the collisional quenching of electronically excited \ce{OH}, \ce{NH} and \ce{CH} in flames",
  author = "N. L. Garland and D. R. Crosley",
  booktitle = "Symposium (International) on Combustion",
  volume = "21",
  pages = "1693--1702",
  year = "1986"
}

Invited lecture
@inproceedings{1986-hanson,
  title = "Combustion diagnostics: planar imaging techniques",
  author = "R. K. Hanson",
  booktitle = "Symposium (International) on Combustion",
  volume = "21",
  pages = "1677--1691",
  year = "1986"
}

Spectroscopic constants
@article{1987-bernath,
  title = "{The vibration-rotation spectrum of \ce{CH}(\(X^2\Pi\))}",
  author = "P. F. Bernath",
  journal = "The Journal of Chemical Physics",
  volume = "86",
  number = "9",
  pages = "4838--4842",
  year = "1987"
}

Quenching studies
@article{1987-garland,
  title = "{Collisional quenching of \ce{CH} \(A^2\Delta, v'=0\) at 1300 K}",
  author = "N. L. Garland and D. R. Crosley",
  journal = "Chemical Physics Letters",
  volume = "134",
  number = "2",
  pages = "189--194",
  year = "1987"
}

Quenching studies
@article{1988-heinrich,
  title = "{Collisional quenching at 300 K: \ce{CH}(\(A^2\Delta\)) by \ce{H2O}, \ce{NH3} and other gases and \ce{NH}(\(A^3\Pi\)) by \ce{H2O}}",
  author = "P. Heinrich and R. D. Kenner and F. Stuhl",
  journal = "Chemical Physics Letters",
  volume = "147",
  number = "6",
  pages = "575--580",
  year = "1988"
}

Quenching studies
@article{1988-rensberger,
  title = "{Time-resolved \ce{CH}(\(A^2\Delta\) and \(B^2\Sigma^-\)) laser-induced fluorescence in low pressure hydrocarbon flames}",
  author = "K. J. Rensberger and M. J. Dyer and R. A. Copeland",
  journal = "Applied Optics",
  volume = "27",
  number = "17",
  pages = "3679--3689",
  year = "1988"
}

Early semi-quantitative CH LIF
@article{1989-crosley,
  title = "{Semiquantitative Laser-Induced Fluorescence in Flames}",
  author = "D. R. Crosley",
  journal = "Combustion and Flame",
  volume = "78",
  number = "1",
  pages = "153--167",
  year = "1989"
}

Reference for slow OH decay
@article{1990-barlow,
  title = "{Effect of Damk{\"o}hler Number on Superequilibrium \ce{OH} Concentration in Turbulent Nonpremixed Jet Flames}",
  author = "R. S. Barlow and R. W. Dibble and J. Y. Chen and R. P. Lucht",
  journal = "Combustion and Flame",
  volume = "82",
  number = "3-4",
  pages = "235--251",
  year = "1990"
}

CH line positions, molecular spectroscopic constants
@article{1991-bernath,
  title = "{Spectroscopy of the \ce{CH} Free Radical}",
  author = "P. F. Bernath and C. R. Brazier and T. Olsen and R. Hailey and W. T. M. L. Fernando and C. Woods and J. L. Hardwick",
  journal = "Journal of Molecular Spectroscopy",
  volume = "147",
  number = "1",
  pages = "16--26",
  year = "1991"
}

Quenching studies
@article{1991-heard,
  title = "{Collisional quenching of \(A^2\Sigma^+\) \ce{NO} and \(A^2\Delta\) \ce{CH} in low pressure flames}",
  author = "D. E. Heard and J. B. Jeffries and D. R. Crosley",
  journal = "Chemical Physics Letters",
  volume = "178",
  number = "5,6",
  pages = "533--537",
  year = "1991"
}

Quenching crosssections
@article{1991-kenner,
  title = "{Electronic Quenching of \ce{CH}(\(A^2\Delta\)), \ce{NH}(\(A^3\Pi\)), \ce{NH}(\(c^1\Pi\)), and \ce{PH}(\(A^3\Pi\)) between 240 and 420 K}",
  author = "R. D. Kenner and S. Pfannenberg and P. Heinrich and F. Stuhl",
  journal = "The Journal of Physical Chemistry",
  volume = "95",
  number = "17",
  pages = "6585--6593",
  year = "1991"
}

Quenching constants for ethane/propane
@article{1992-chen,
  title = "{Collisional quenching of \ce{CH}(\(A^2\Delta\)) at 300 K by \ce{O2}, alkane, chloromethane and \ce{CS2} molecules}",
  author = "C. Chen and X. Wang and S. Yu and Q. Lu and X. Ma",
  journal = "Chemical Physics Letters",
  volume = "197",
  number = "3",
  pages = "286--291",
  year = "1992"
}

Quenching studies
@article{1992-cooper,
  title = "{Collisional Removal Rates for Electronically Excited \ce{CH} Radicals \(B^2\Sigma^-\) and \(C^2\Sigma^+\)}",
  author = "J. L. Cooper and J. C. Whitehead",
  journal = "Journal of the Chemical Society, Faraday Transactions",
  volume = "88",
  number = "16",
  pages = "2323--2327",
  year = "1992"
}

Quenching constants for ethane/propane
@article{1993-chen,
  title = "{Time-resolved kinetic studies on quenching of \ce{CH}(\(A^2\Delta\) and \(B^2\Sigma^-\)) by \ce{(CX3)2CO}, \ce{CF3COOX}, and \ce{CXCl3} (X=H or D) and alkane molecules}",
  author = "C. Chen and Q. Ran and S. Yu and X. Ma",
  journal = "The Journal of Chemical Physics",
  volume = "99",
  number = "2",
  pages = "1070--1075",
  year = "1993"
}

Quantitative Formaldehyde PLIF measurement in flame
@article{1993-harrington,
  title = "Laser-induced fluorescence measurements of formaldehyde in a methane/air diffusion flame",
  author = "J. E. Harrington and K. C. Smyth",
  journal = "Chemical Physics Letters",
  volume = "202",
  number = "3-4",
  pages = "196--202",
  year = "1993"
}

Quenching studies
@article{1994-chen,
  title = "{Investigation of the collisional quenching of \ce{CH}(\(A^2\Delta\) and \(B^2\Sigma^-\)) by \ce{Ar}, \ce{O2}, \ce{CS2}, alcohol, and halomethane molecules}",
  author = "C. Chen and Y. Sheng and S. Yu and X. Ma",
  journal = "The Journal of Chemical Physics",
  volume = "101",
  number = "7",
  pages = "5727--5730",
  year = "1994"
}

Review of PLIF, marginally mentions CH
@article{1994-hoinghaus,
  title = "Laser techniques for the quantitative detection of reactive intermediates in combustion systems",
  author = "K. Kohse-H{\"o}inghaus",
  journal = "Progress in Energy and Combustion Science",
  volume = "20",
  number = "3",
  pages = "203--279",
  year = "1994"
}

Early review of CH PLIF
@article{1994-paul,
  title = "Imaging of reaction zones in hydrocarbon-air flames by use of planar laser-induced fluorescence of \ce{CH}",
  author = "P. H. Paul and J. E. Dec",
  journal = "Optics Letters",
  volume = "19",
  number = "13",
  pages = "998--1000",
  year = "1994"
}

CH PLIF Experiment, imaging
@article{1994-schefer,
  title = "Stabilization of lifted turbulent-jet flames",
  author = " R. W. Schefer and M. Namazian and J. Kelly",
  journal = "Combustion and Flame",
  volume = "99",
  number = "1",
  pages = "75--86",
  year = "1994"
}

Quenching crossections
@article{1995-heinrich,
  title = "{Electronic Quenching of \ce{CH}(\(A^2\Delta\)) and \ce{NH}(\(A^3\Pi\)) between 300 and 950 K}",
  author = "P. Heinrich and F. Stuhl",
  journal = "Chemical Physics",
  volume = "199",
  number = "1",
  pages = "105--118",
  year = "1995"
}

CH Spectroscopic constants for A, X levels
@article{1995-zachwieja,
  title = "{New Investigations of the \(A^2\Delta-X^2\Pi\) Band System in the \ce{CH} Radical and a New Reduction of the Vibration-Rotation Spectrum of \ce{CH} from the ATMOS Spectra}",
  author = "M. Zachwieja",
  journal = "Journal of Molecular Spectroscopy",
  volume = "170",
  number = "2",
  pages = "285--309",
  year = "1995"
}

CH Spectroscopic constants for the B level
@article{1996-kepa,
  title = "{New Spectroscopic Analysis of the \(B^2\Sigma^--X^2\Pi\) Band System of the \ce{CH} Molecule}",
  author = "R. K\c{e}pa and A. Para and M. Rytel and M. Zachwieja",
  journal = "Journal of Molecular Spectroscopy",
  volume = "178",
  number = "2",
  pages = "189--193",
  year = "1996"
}

Quantitative LIF compared to GRI Mech
@article{1996-luque-a,
  title = "Absolute \ce{CH} concentrations in low-pressure flames measured with laser-induced fluorescence",
  author = "J. Luque and D. R. Crosley",
  journal = "Applied Physics B: Lasers and Optics",
  volume = "63",
  number = "1",
  pages = "91--98",
  year = "1996"
}

CH spectroscopic constants for A-X
@article{1996-luque-b,
  title = "{Electronic transition moment and rotational transition probabilities in \ce{CH}. I. \(A^2\Delta-X^2\Pi\) system}",
  author = "J. Luque and D. R. Crosley",
  journal = "Journal of Chemical Physics",
  volume = "104",
  number = "6",
  pages = "2146--2155",
  year = "1996"
}

CH spectroscopic constants for B-X
@article{1996-luque-c,
  title = "{Electronic transition moment and rotational transition probabilities in \ce{CH}. II. \(B^2\Sigma^--X^2\Pi\) system}",
  author = "J. Luque and D. R. Crosley",
  journal = "Journal of Chemical Physics",
  volume = "104",
  number = "11",
  pages = "3907--3913",
  year = "1996"
}

Review of LIF theory
@article{1997-daily,
  title = "Laser induced fluorescence spectroscopy in flames",
  author = "J. W. Daily",
  journal = "Progress in Energy and Combustion Science",
  volume = "23",
  number = "2",
  pages = "133--199",
  year = "1997"
}

Experiment, imaging
@article{1998-carter,
  title = "{Simultaneous \ce{CH} planar laser-induced fluorescence and particle imaging velocimetry in turbulent nonpremixed flames}",
  author = "C. D. Carter and J. M. Donbar and J. F. Driscoll",
  journal = "Applied Physics B: Lasers and Optics",
  volume = "66",
  number = "1",
  pages = "129--132",
  year = "1998"
}

Quenching studies
@article{1998-chen,
  title = "{Temperature effect on quenching of \ce{CH}(\(A^2\Delta\))}",
  author = "C. Chen and F. Wang and Y. Chen and X. Ma",
  journal = "Chemical Physics",
  volume = "230",
  number = "2--3",
  pages = "317--325",
  year = "1998"
}

CH Spectroscopic constants for B state
@article{1998-kumar,
  title = "{Highly predissociative levels of \ce{CH} \(B^2\Sigma^-\) state detected with two-color resonant four-wave mixing spectroscopy}",
  author = "A. Kumar and C. Hsiao and W. Hung and Y. Lee",
  journal = "Journal of Chemical Physics",
  volume = "109",
  number = "10",
  pages = "3824--3830",
  year = "1998"
}

CH and other species as heat release markers in a flame
@article{1998-najm,
  title = "{On the Adequacy of Certain Experimental Observables as Measurements of Flame Burning Rate}",
  author = "H. N. Najm and P. H. Paul and C. J. Mueller and P. S. Wyckoff",
  journal = "Combustion and Flame",
  volume = "113",
  number = "3",
  pages = "312--332",
  year = "1998"
}

Tried CH2O+OH instead of HCO PLIF
@inproceedings{1998-paul,
  title = "Planar laser-induced fluorescence imaging of flame heat release rate",
  author = "P. H. Paul and H. N. Najm",
  booktitle = "Symposium (International) on Combustion",
  volume = "27",
  pages = "43--50",
  year = "1998"
}

Quenching crosssections and variation with temperature
@article{1998-tamura,
  title = "{Collisional Quenching of \ce{CH}(\(A\)), \ce{OH}(\(A\)), and \ce{NO}(\(A\)) in Low Pressure Hydrocarbon Flames}",
  author = "M. Tamura and P. A. Berg and J. E. Harrington and J. Luque and J. B. Jeffries and G. P. Smith and D. R. Crosley",
  journal = "Combustion and Flame",
  volume = "114",
  number = "3-4",
  pages = "502--514",
  year = "1998"
}

Comparison with GRI Mech 2.11
@inproceedings{1998-walsh,
  title = "Experimental and computational study of \ce{CH}, \ce{CH}* and \ce{OH}* in an axisymmetric laminar diffusion flame",
  author = "K. T. Walsh and M. B. Long and M. A. Tanoff and M. D. Smooke",
  booktitle = "Symposium (International) on Combustion",
  volume = "27",
  pages = "615--623",
  year = "1998"
}

High rep-rate OH PLIF used to study local extinctions
@article{1999-kaminski,
  title = "High repetition rate planar laser induced fluorescence of \ce{OH} in a turbulent non-premixed flame",
  author = "C. F. Kaminski and J. Hult and M. Ald\'{e}n",
  journal = "Applied Physics B: Lasers and Optics",
  volume = "68",
  number = "4",
  pages = "757--760",
  year = "1999"
}

Compares CH and CH2O LIF
@inproceedings{1999-klein-douwel,
  title = "\ce{CH} and \ce{CH2O} in Atmospheric Pressure Methane/Air Bunsen Flames",
  author = "R. J. H. Klein-Douwel and J. Luque and J. B. Jeffries and G. P. Smith and D. R. Crosley",
  booktitle = "Western States Section, Combustion Institute, Pittsburgh, Pa.",
  volume = "99F",
  number = "12",
  year = "1999"
}

Quenching studies
@article{1999-luque-b,
  title = "Radiative, collisional, and predissociative effects in \ce{CH} laser-induced-fluorescence flame thermometry",
  author = "J. Luque and D. R. Crosley",
  journal = "Applied optics",
  volume = "38",
  number = "9",
  pages = "1423--1433",
  year = "1999"
}

Experiment, imaging
@article{1999-watson,
  title = "{Observations on the Leading Edge in Lifted Flame Stabilization}",
  author = "K. A. Watson and K. M. Lyons and J. M. Donbar and C. D. Carter",
  journal = "Combustion and Flame",
  volume = "119",
  number = "1-2",
  pages = "199--202",
  year = "1999"
}

Quantitative CH PLIF
@article{2000-berg,
  title = "{Absolute \ce{CH} Concentration Measurements in Low-Pressure Methane Flames: Comparisons with Model Results}",
  author = "P. A. Berg and D. A. Hill and A. R. Noble and G. P. Smith and J. B. Jeffries and D. R. Crosley",
  journal = "Combustion and Flame",
  volume = "121",
  number = "1-2",
  pages = "223--235",
  year = "2000"
}

Quenching studies
@article{2000-cerezo,
  title = "{Rotational level dependence in the collisional removal of \ce{CH}/\ce{D}(\(A^2\Delta\))}",
  author = "C. Cerezo and M. Martin",
  journal = "Journal of Photochemistry and Photobiology A: Chemistry",
  volume = "134",
  number = "1--2",
  pages = "127--132",
  year = "2000"
}

Experiment, compares CH PLIF to GRI Mech
@article{2000-donbar,
  title = "{Reaction Zone Structure in Turbulent Nonpremixed Jet Flames---From \ce{CH}-\ce{OH} PLIF Images}",
  author = "J. M. Donbar and J. F. Driscoll and C. D. Carter",
  journal = "Combustion and Flame",
  volume = "122",
  number = "1-2",
  pages = "1--19",
  year = "2000"
}

Experiment, imaging
@inproceedings{2000-han,
  title = "Simultaneous measurement of velocity and \ce{CH} layer distribution in turbulent non-premixed flames",
  author = "D. Han and M. G. Mungal",
  booktitle = "Proceedings of the Combustion Institute",
  volume = "28",
  pages = "261--267",
  year = "2000"
}

Formaldehyde PLIF
@article{2000-klein-douwel,
  title = "Laser-induced fluorescence of formaldehyde hot bands in flames",
  author = "R. J. H. Klein-Douwel and J. Luque and J. B. Jeffries and G. P. Smith and D. R. Crosley",
  journal = "Applied Optics",
  volume = "39",
  number = "21",
  pages = "3712--3715",
  year = "2000"
}

Quenching studies
@article{2000-luque,
  title = "{Collisional processes near the \ce{CH} \(B^2\Sigma^- v'=0, 1\) predissociation limit in laser-induced fluorescence flame diagnostics}",
  author = "J. Luque and R. J. H. Klein-Douwel and J. B. Jeffries and D. R. Crosley",
  journal = "Applied Physics B: Lasers and Optics",
  volume = "71",
  number = "1",
  pages = "85--94",
  year = "2000"
}

Enhancing flame fronts in OH PLIF images
@article{2000-malm,
  title = "Nonlinear diffusion filtering of images obtained by planar laser-induced fluorescence spectroscopy",
  author = "H. Malm and G. Sparr and J. Hult and C. F. Kaminski",
  journal = "Journal of The Optical Society of America A: Optics, image science, and vision",
  volume = "17",
  number = "12",
  pages = "2148--2156",
  year = "2000"
}

Collisional transfer between A and B states
@article{2000-randall,
  title = "{State-specific collisional coupling of the \ce{CH} \(A^2\Delta\) and \(B^2\Sigma^-\) states}",
  author = "C. J. Randall and C. Murray and K. G. McKendrick",
  journal = "Physical Chemistry Chemical Physics",
  volume = "2",
  number = "4",
  pages = "461--471",
  year = "2000"
}

Quantitative CH PLIF experiment
@article{2000-thoman,
  title = "{Absolute \ce{CH} Radical Concentrations in Rich Low-Pressure Methane-Oxygen-Argon Flames via Cavity Ringdown Spectroscopy of the \(A^2\Delta-X^2\Pi\) Transition}",
  author = "J. W. {Thoman Jr.} and A. McIlroy",
  journal = "The Journal of Physical Chemistry A",
  volume = "104",
  number = "21",
  pages = "4953--4961",
  year = "2000"
}

Experiment, imaging
@article{2000-watson,
  title = "{Simultaneous Rayleigh Imaging and \ce{CH}-PLIF Measurements in a Lifted Jet Diffusion Flame}",
  author = "K. A. Watson and K. M. Lyons and J. M. Donbar and C. D. Carter",
  journal = "Combustion and Flame",
  volume = "123",
  number = "1--2",
  pages = "252--265",
  year = "2000"
}

Enhancing flame fronts in PLIF images
@article{2001-abu-gharbieh,
  title = "Flame front tracking by laser induced fluorescence spectroscopy and advanced image analysis",
  author = "R. Abu-Gharbieh and G. Hamarneh and T. Gustavsson and C. F. Kaminski",
  journal = "Optics Express",
  volume = "8",
  number = "5",
  pages = "278--287",
  year = "2001"
}

Experiment, imaging
@inproceedings{2002-kothnur,
  title = "Planar imaging of \ce{CH}, \ce{OH}, and velocity in turbulent non-premixed jet flames",
  author = "P. S. Kothnur and M. S. Tsurikov and N. T. Clemens and J. M. Donbar and C. D. Carter",
  booktitle = "Proceedings of teh Combustion Institute",
  volume = "29",
  pages = "1921--1927",
  year = "2002"
}

Quantitative CH PLIF
@article{2002-luque,
  title = "Quantitative laser-induced fluorescence of \ce{CH} in atmospheric pressure flames",
  author = "J. Luque and R. J. H. Klein-Douwel and J. B. Jeffries and G. P. Smith and D. R. Crosley",
  journal = "Applied Physics B: Lasers and Optics",
  volume = "75",
  number = "6",
  pages = "779--790",
  year = "2002"
}

Updated collisional crosssections and temperature dependence functions
@inproceedings{2002-renfro,
  title = "{Cross sections for quenching of \ce{CH} \(A^2\Delta, v'=0\), by \ce{N2} and \ce{H2O} from 1740 to 2160 K}",
  author = "M. W. Renfro and K. K. Venkatesan and N. M. Laurendeau",
  booktitle = "Proceedings of the Combustion Institute",
  volume = "29",
  pages = "2695--2702",
  year = "2002"
}

Experiment
@inproceedings{2002-watson,
  title = "Simultaneous two-shot \ce{CH} planar laser-induced fluorescence and particle image velocimetry measurements in lifted \ce{CH4}/air diffusion flames",
  author = "K. A. Watson, and K. M. Lyons and C. D. Carter and J. M. Donbar",
  booktitle = "Proceedings of teh Combustion Institute",
  volume = "29",
  pages = "1905--1912",
  year = "2002"
}

CH distribution and scaling with flow parameters
@article{2003-han-a,
  title = "{Simultaneous measurements of velocity and \ce{CH} distributions. Part 1: jet flames in co-flow}",
  author = "D. Han and M. G. Mungal",
  journal = "Combustion and Flame",
  volume = "132",
  number = "3",
  pages = "565--590",
  year = "2003"
}

CH distribution and scaling with flow parameters
@article{2003-han-b,
  title = "{Simultaneous measurements of velocity and \ce{CH} distributions. Part II: deflected jet flames}",
  author = "D. Han and M. G. Mungal",
  journal = "Combustion and Flame",
  volume = "133",
  number = "1--2",
  pages = "1--17",
  year = "2003"
}

CH PLIF in methane + hydrogen flames, comparison to GRI Mech
@article{2003-sutton,
  title = "Optimization of \ce{CH} fluorescence diagnostics in flames: range of applicability and improvements with hydrogen addition",
  author = "J. A. Sutton and J. F. Driscoll",
  journal = "Applied Optics",
  volume = "42",
  number = "15",
  pages = "2819--2828",
  year = "2003"
}

Description of alexandrite laser, suggested applications
@article{2004-li,
  title = "Applications of a single-longitudinal-mode alexandrite laser for diagnostics of parameters of combustion interest",
  author = "Z. S. Li and M. Afzelius and J. Zetterberg and M. Ald\'{e}n",
  journal = "Review of Scientific Instruments",
  volume = "75",
  number = "10",
  pages = "3208--3215",
  year = "2004"
}

Experiment, imaging
@article{2004-marley,
  title = "{Leading-Edge Reaction Zones in Lifted-Jet Gas and Spray Flames}",
  author = "S. K. Marley and K. M. Lyons and K. A. Watson",
  journal = "Flow, Turbulence and Combustion",
  volume = "72",
  number = "1",
  pages = "29--47",
  year = "2004"
}

Experiment, imaging
@inproceedings{2005-bergthorson,
  title = "Particle streak velocimetry and \ce{CH} laser-induced fluorescence diagnostics in strained, premixed, methane-air flames",
  author = "J. M. Bergthorson and D. G. Goodwin and P. E. Dimotakis",
  booktitle = "Proceedings of the Combustion Institute",
  volume = "30",
  pages = "1637--1644",
  year = "2005"
}

Local flame extinctions captured by high rep-rate OH PLIF
@inproceedings{2005-hult,
  title = "{Experimental analysis of local flame extinction in a turbulent jet diffusion flame by high repetition 2-D laser techniques and multi-scalar measurements}",
  author = "J. Hult and U. Meier and W. Meier and A. Harvey and C. F. Kaminski",
  booktitle = "Proceedings of the Combustion Institute",
  volume = "30",
  pages = "701--709",
  year = "2005"
}

Comparison with PREMIX simulation
@article{2005-kojima,
  title = "{Basic aspects of \ce{OH}(A), \ce{CH}(A) and \ce{C2}(d) chemiluminescence in the reaction zone of laminar methane-air premixed flames}",
  author = "J. Kojima and Y. Ikeda and T. Nakajima",
  volume = "140",
  number = "1",
  pages = "34--45",
  year = "2005"
}

Collisional transfer between A and B states
@article{2005-richmond,
  title = "{Collision-Partner Dependence of Energy Transfer between the \ce{CH} \(A^2\Delta\) and \(B^2\Sigma^-\) States}",
  author = "G. Richmond and M. L. Costen and K. G. McKendrick",
  journal = "The Journal of Physical Chemistry A",
  volume = "109",
  number = "4",
  pages = "542--553",
  year = "2005"
}

Experiment, imaging
@inproceedings{2005-tanahashi,
  title = "{Simultaneous \ce{CH}-\ce{OH} PLIF and stereoscopic PIV measurements of turbulent premixed flames}",
  author = "M. Tanahashi and S. Murakami and G. M. Choi and Y. Fukuchi and T. Miyauchi",
  booktitle = "Proceedings of the Combustion Institute",
  volume = "30",
  pages = "1665--1672",
  year = "2005"
}

CH as a reaction zone marker
@inproceedings{2005-vagelopoulos,
  title = "An experimental and numerical study on the adequacy of \ce{CH} as a flame marker in premixed methane flames",
  author = "C. M. Vagelopoulos and J. H. Frank",
  booktitle = "Proceedings of the Combustion Institute",
  volume = "30",
  pages = "241--249",
  year = "2005"
}

Implements simultaneous CH2O/OH PLIF for heat release
@article{2006-ayoola,
  title = "Spatially resolved heat release rate measurements in turbulent premixed flames",
  author = "B. O. Ayoola and R. Balachandran and J. H. Frank and E. Mastorakos and C. F. Kaminski",
  journal = "Combustion and Flame",
  volume = "144",
  number = "1",
  pages = "1--16",
  year = "2006"
}

Excitation scheme similar to ours
@article{2007-kiefer,
  title = "{Simultaneous laser-induced fluorescence and sub-Doppler polarization spectroscopy of the \ce{CH} radical}",
  author = "J. Kiefer and Z. Li and J. Zetterberg and M. Linvin and M. Ald\'{e}n",
  journal = "Optics Communications",
  volume = "270",
  number = "2",
  pages = "347--352",
  year = "2007"
}

Reviews excitation schemes, uses alexandrite laser
@inproceedings{2007-li-a,
  title = "{Development of improved PLIF \ce{CH} detection using an Alexandrite laser for single-shot investigation of turbulent and lean flames}",
  author = "Z. S. Li and J. Kiefer and J. Zetterberg and M. Linvin and A. Leipertz and X. S. Bai and M. Ald\'{e}n",
  booktitle = "Proceedings of the Combustion Institute",
  volume = "31",
  pages = "727--735",
  year = "2007"
}

Simultaneous CH/OH PLIF images
@inproceedings{2007-li-b,
  title = "Planar laser-induced fluorescence of combustion intermediates in turbulent methane/air flames stabilized on a co-axial jet flame burner",
  author = "Z. S. Li and J. Zetterberg and M. Linvin and M. Ald\'{e}n and J. Kiefer and T. Seeger and A. Leipertz",
  booktitle = "Proceedings of the European Combustion Meeting, ECM2007, Chania, Crete, Greece",
  volume = "3",
  pages = "5-12-1--6",
  year = "2007"
}

Experiment, imaging
@article{2008-kiefer,
  title = "Investigation of local flame structures and statistics in partially premixed turbulent jet flames using simultaneous single-shot \ce{CH} and \ce{OH} planar laser-induced fluorescence imaging",
  author = "J. Kiefer and Z. S. Li and J. Zetterberg and X. S. Bai and M. Ald\'{e}n",
  journal = "Combustion and Flame",
  volume = "154",
  number = "4",
  pages = "802--818",
  year = "2008"
}

Studies evolution of flame sheet
@article{2008-tanahashi,
  title = "{\ce{CH} double-pulsed PLIF measurement in turbulent premixed flame}",
  author = "M. Tanahashi and S. Tuka and M. Shimura and T. Miyauchi",
  journal = "Experiments in Fluids",
  volume = "45",
  number = "2",
  pages = "323--332",
  year = "2008"
}

Improved S/N ratio HCO PLIF
@inproceedings{2009-kiefer,
  title = "Planar laser-induced fluorescence of \ce{HCO} for instantaneous flame front imaging in hydrocarbon flames",
  author = "J. Kiefer and Z. S. Li and T. Seeger and A. Leipertz and M. Ald{\'e}n",
  booktitle = "Proceedings of the Combustion Institute",
  volume = "32",
  pages = "921--928",
  year = "2009"
}

Paper about DLR mechanism, talks about GRI Mech and quantitative CH
@article{2010-kohler,
  title="{Quantitative Laser Diagnostic and Modeling Study of \ce{C2} and \ce{CH} Chemistry in Combustion}",
  author = "M. K{\"o}hler and A. Brockhinke and M. Braun-Unkhoff and K. Kohse-H{\"o}inghaus",
  journal = "The Journal of Physical Chemistry A",
  volume = "114",
  number = "14",
  pages = "4719--4734",
  year = "2010"
}

Comparison of CH, CH2O PLIF
@article{2010-li,
  title = "{Turbulence and combustion interaction: High resolution local flame front structure visualization using simultaneous single-shot PLIF imaging of \ce{CH}, \ce{OH}, and \ce{CH2O} in a piloted premixed jet flame}",
  author = "Z. S. Li and B. Li and Z. W. Sun and X. S. Bai and M. Ald\'{e}n",
  journal = "Combustion and Flame",
  volume = "157",
  number = "6",
  pages = "1087--1096",
  year = "2010"
}

Experiment, not very relevant
@inproceedings{2011-jiang,
  title = "{Development of high-repetition rate \ce{CH} PLIF imaging in turbulent non-premixed flames}",
  author = "N. Jiang and R. A. Patton and W. R. Lempert and J. A. Sutton",
  booktitle = "Proceedings of the Combustion Institute",
  volume = "33",
  pages = "767--774",
  year = "2011"
}

Interference from CH2O while exciting R-bandhead sub-optimally
@article{2011-kiefer,
  title = "{Spectral interferences from formaldehyde in \ce{CH} PLIF flame front imaging with broadband \(B-X\) excitation}",
  author = "J. Kiefer and F. Ossler and Z. S. Li and M. Ald\'{e}n",
  journal = "Combustion and Flame",
  volume = "158",
  number = "3",
  pages = "583--585",
  year = "2011"
}

Recent work, not too relevant
@inproceedings{2011-shimura,
  title = "{Simultaneous dual-plane \ce{CH} PLIF, single-plane \ce{OH} PLIF and dual-plane stereoscopic PIV measurements in methane-air turbulent premixed flames}",
  author = "M. Shimura and T. Ueda and G. M. Choi and M. Tanahashi and T. Miyauchi",
  booktitle = "Proceedings of the Combustion Institute",
  volume = "33",
  pages = "775--782",
  year = "2011"
}

Recent work, not too relevant
@article{2012-miller,
  title = "{Characterization of a \ce{CH} planar laser-induced fluorescence imaging system with a kHz-rate multimode-pumped optical parametric oscillator}",
  author = "J. D. Miller and S. R. Engel and J. W. Tr{\"o}ger and T. R. Meyer and T. Seeger and A. Leipertz",
  journal = "Applied Optics",
  volume = "51",
  number = "14",
  pages = "2589--2600",
  year = "2012"
}

