The following is a list of LSB related journal papers.
Requires mhchem(version 3) package.

Format for identifiers: "YYYY-firstauthorslastname": Omit accents, capitalization etc.
Include title, author, journal/booktitle, volume and/or number, pages, year for each entry.
Enclose title in {} for custom capitalization. \ce{} capitalization is preserved.
Keep the list chronological.

@article{1974-syred,
  title = "{Combustion in Swirling Flows: A Review}",
  author = "N. Syred and J. M. Be\'{e}r",
  journal = "Combustion and Flame",
  volume = "23",
  number = "2",
  pages = "143--201",
  year = "1974"
}

@article{1994-shepherd,
  title = "{The Burning Rate of Premixed Turbulent Flames in Diverging Flows}",
  author = "I. G. Shepherd and L. W. Kostiuk",
  journal = "Combustion and Flame",
  volume = "96",
  number = "4",
  pages = "371--380",
  year = "1994"
}

@article{1995-bedat,
  title = "{Experimental Study of Premixed Flames in Intense Isotropic Turbulence}",
  author = "B. B\'{e}dat and R. K. Cheng",
  journal = "Combustion and Flame",
  volume = "100",
  number = "3",
  pages = "485--494",
  year = "1995"
}

@article{1995-cheng,
  title = "{Velocity and Scalar Characteristics of Premixed Turbulent Flames Stabilized by Weak Swirl}",
  author = "R. K. Cheng",
  journal = "Combustion and Flame",
  volume = "101",
  number = "1-2",
  pages = "1--14",
  year = "1995"
}

@article{1998-yegian,
  title = "Development of a lean premixed low-swirl burner for low \ce{NO_x} practical applications",
  author = "D. T. Yegian and R. K. Cheng",
  journal = "Combustion Science and Technology",
  volume = "139",
  number = "1",
  pages = "207--227",
  year = "1998"
}

@article{1999-kostiuk,
  title = "{Experimental Study of Premixed Turbulent Combustion in Opposed Streams. Part III---Spatial Structure of Flames}",
  author = "L. W. Kostiuk and I. G. Shepherd and K. N. C. Bray",
  journal = "Combustion and Flame",
  volume = "118",
  number = "1-2",
  pages = "129--139",
  year = "1999"
}

@article{2001-shepherd,
  title = "{The Burning Rate of Premixed Flames in Moderate and Intense Turbulence}",
  author = "I. G. Shepherd and R. K. Cheng",
  journal = "Combustion and Flame",
  volume = "127",
  number = "3",
  pages = "2066--2075",
  year = "2001"
}

@article{2002-cheng,
  title = "Premixed turbulent flame structures in moderate and intense isotropic turbulence",
  author = "R. K. Cheng and I. G. Shepherd and B. B\'{e}dat and L. Talbot",
  journal = "Combustion Science and Technology",
  volume = "174",
  number = "1",
  pages = "29--59",
  year = "2002"
}

@article{2004-kortschik,
  title = "Laser optical investigation of turbulent transport of temperature ahead of the preheat zone in a premixed flame",
  author = "C. Kortschik and T. Plessing and N. Peters",
  journal = "Combustion and Flame",
  volume = "136",
  number = "1-2",
  pages = "43--50",
  year = "2004"
}

@article{2007-petersson,
  title = "{Simultaneous PIV/OH-PLIF, Rayleigh thermometry/OH-PLIF and stereo PIV measurements in a low-swirl flame}",
  author = "P. Petersson and J. Olofsson and C. Brackman and H. Seyfried and J. Zetterberg and M. Richter and M. Ald\'{e}n and M. A. Linne and R. K. Cheng and A. Nauert and D. Geyer and A. Dreizler",
  journal = "Applied Optics",
  volume = "46",
  number = "19",
  pages = "3928--3936",
  year = "2007"
}

@article{2008-cheng-a,
  title = "{Laboratory Studies of the Flow Field Characteristics of Low-Swirl Injectors for Adaptation to Fuel-Flexible Turbines}",
  author = "R. K. Cheng and D. Littlejohn and W. A. Nazeer and K. O. Smith",
  journal = "Journal of Engineering for Gas Turbines and Power",
  volume = "130",
  pages = "021501",
  year = "2008"
}

@article{2008-cheng-b,
  title = "{Laboratory Study of Premixed \ce{H2}-Air and \ce{H2}-\ce{N2}-Air Flames in a Low-Swirl Injector for Ultralow Emissions Gas Turbines}",
  author = "R. K. Cheng and D. Littlejohn",
  journal = "Journal of Engineering for Gas Turbines and Power",
  volume = "130",
  pages = "031503",
  year = "2008"
}

@article{2009-bonaldo,
  title = "Experimental annular stratified flames characterisation stabilised by weak swirl",
  author = "A. Bonaldo and J. B. Kelman",
  journal = "Combustion and Flame",
  volume = "156",
  number = "4",
  pages = "750--762",
  year = "2009"
}

@article{2010-littlejohn,
  title = "{Laboratory Investigations of Low-Swirl Injectors Operating With Syngases}",
  author = "D. Littlejohn and R. K. Cheng and D. R. Noble and T. Lieuwen",
  journal = "Journal of Engineering for Gas Turbines and Power",
  volume = "132",
  pages = "011502",
  year = "2010"
}
