The following is a list of LSB related conference papers.
Requires mhchem(version 3) package.

Format for identifiers: "YYYY-firstauthorslastname": Omit accents, capitalization etc.
Include title, author, journal/booktitle, volume and/or number, pages, year for each entry.
Enclose title in {} for custom capitalization. \ce{} capitalization is preserved.
Keep the list chronological.

@inproceedings{1986-starner,
  title = "Joint measurements of velocity and scalars in turbulent diffusion flame with moderate swirl",
  author =  "S. H. St\r{a}rner and R. W. Bilger",
  booktitle = "Symposium (International) on Combustion",
  volume = "21",
  pages = "1569--1577",
  year = "1986"
}

@inproceedings{1992-chan,
  title = "Freely propagating open premixed turbulent flames stabilized by swirl",
  author = "C. K. Chan and K. S. Lau and W. K. Chin and R. K. Cheng",
  booktitle = "Symposium (International) on Combustion",
  volume = "24",
  pages = "511--518",
  year = "1992"
}

@inproceedings{2000-plessing,
  title = "Measurements of the turbulent burning velocity and the structure of premixed flames on a low-swirl burner",
  author = "T. Plessing and C. Kortschik and N. Peters and M. S. Mansour and R. K. Cheng",
  booktitle = "Proceedings of the Combustion Institute",
  volume = "28",
  pages = "359--366",
  year = "2000"
}

@inproceedings{2000-cheng,
  title = "Scaling and development of low-swirl burners for low-emission furnaces and boilers",
  author = "R. K. Cheng and D. T. Yegian and M. M. Miyasato and G. S. Samuelsen and C. E. Benson and R. Pellizzari and P. Loftus",
  booktitle = "Proceedings of the Combustion Institute",
  volume = "28",
  pages = "1305--1313",
  year = "2000"
}

@inproceedings{2002-littlejohn,
  title = "Laboratory investigation of an ultralow \ce{NO_x} premixed combustion concept for industrial boilers",
  author = "D. Littlejohn and A. J. Majeski and S. Tonse and C. Castaldini and R. K. Cheng",
  booktitle = "Proceedings of the Combustion Institute",
  volume = "29",
  pages = "1115--1121",
  year = "2002"
}

@inproceedings{2002-shepherd,
  title = "Premixed flame front structure in intense turbulence",
  author = "I. G. Shepherd and R. K. Cheng and T. Plessing and C. Kortschik and N. Peters",
  booktitle = "Proceedings of the Combustion Institute",
  volume = "29",
  pages = "1833--1840",
  year = "2002"
}

@inproceedings{2005-degoey,
  title = "Analysis of the flame thickness of turbulent flamelets in the thin reaction zones regime",
  author = "L. P. H. de Goey and T. Plessing and R. T. E. Hermanns and N. Peters",
  booktitle = "Proceedings of the Combustion Institute",
  volume = "30",
  pages = "859--866",
  year = "2005"
}

@inproceedings{2005-johnson,
  title = "A comparison of the flowfields and emissions of high-swirl injectors and low-swirl injectors for lean premixed gas turbines",
  author = "M. R. Johnson and D. Littlejohn and W. A. Nazeer and K. O. Smith and R. K. Cheng",
  booktitle = "Proceedings of the Combustion Institute",
  volume = "30",
  pages = "2867--2874",
  year = "2005"
}

@inproceedings{2006-cheng,
  title = "Laboratory studies of the flow field characteristics of low-swirl injectors for adaptation to fuel-flexible turbines",
  author = "R. K. Cheng and D. Littlejohn and W. A. Nazeer and K. O. Smith",
  booktitle = "Proceedings of ASME Turbo Expo GT2006-90878",
  year = "2006"
}

@inproceedings{2006-nazeer,
  title = "Full scale testing of a low swirl fuel injector concept for ultra-low \ce{NO_x} gas turbine combustion systems",
  author = "W. A. Nazeer and K. O. Smith and P. Sheppard and R. K. Cheng and D. Littlejohn",
  booktitle = "Proceedings of ASME Turbo Expo GT2006-90150",
  year = "2006"
}

@inproceedings{2007-bell,
  title = "{Numerical simulation of Lewis number effects on lean premixed turbulent flames}",
  author = "J. B. Bell and R. K. Cheng and M. S. Day and I. G. Shepherd",
  booktitle = "Proceedings of the Combustion Institute",
  volume = "31",
  pages = "1309--1317",
  year = "2007"
}

@inproceedings{2007-littlejohn,
  title = "Fuel effects on a low-swirl injector for lean premixed gas turbines",
  author = "D. Littlejohn and R. K. Cheng",
  booktitle = "Proceedings of the Combustion Institute",
  volume = "31",
  pages = "3155--3162",
  year = "2007"
}

@inproceedings{2008-cheng-c,
  title = "Effects of combustor geometry on the flowfields and flame properties of a low-swirl injector",
  author = "R. K. Cheng and D. Littlejohn",
  booktitle = "Proceedings of ASME Turbo Expo GT2008-50504",
  year = "2008"
}

@inproceedings{2008-littlejohn,
  title = "Laboratory investigations of low-swirl injectors operating with syngases",
  author = "D. Littlejohn and R. K. Cheng and D. R. Noble and T. Lieuwen",
  booktitle = "Proceedings of ASME Turbo Expo GT2008-51298",
  year = "2008"
}

@inproceedings{2009-cheng,
  title = "{Laboratory investigations of a low-swirl injector with \ce{H2} and \ce{CH4} at gas turbine conditions}",
  author = "R. K. Cheng and D. Littlejohn and P. A. Strakey and T. Sidwell",
  booktitle = "Proceedings of the Combustion Institute",
  volume = "32",
  pages = "3001--3009",
  year = "2009"
}

@inproceedings{2009-tachibana,
  title = "Dynamic behavior of a freely-propagating turbulent premixed flame under global stretch-rate oscillations",
  author = "S. Tachibana and J. Yamashita and L. Zimmer and K. Suzuki and A. K. Hayashi",
  booktitle = "Proceedings of the Combustion Institute",
  volume = "32",
  pages = "1795--1802",
  year = "2009"
}
