List of papers relating to: Low Swirl Burner project
Requires mhchem(version 3) package.

Format for identifiers: "YYYY-firstauthorslastname".
Omit accents, capitalization etc in identifiers.
Journals: title, author, journal, volume, number, pages, year
Proceedings: title, author, booktitle, volume, pages, year
Enclose title in {} for custom capitalization.
Enclose chemical formulae in \ce{}.
Keep the list chronological.

Review of swirl combustion
@article{1974-syred,
  title = "{Combustion in Swirling Flows: A Review}",
  author = "N. Syred and J. M. Be\'{e}r",
  journal = "Combustion and Flame",
  volume = "23",
  number = "2",
  pages = "143--201",
  year = "1974"
}

Review of swirl combustion
@article{1977-lilley,
  title = "{Swirl Flows in Combustion: A Review}",
  author = "D. G. Lilley",
  journal = "AIAA Journal",
  volume = "15",
  number = "8",
  pages = "1063--1078",
  year = "1977"
}

Talks about flame angle and swirl
@inproceedings{1986-starner,
  title = "Joint measurements of velocity and scalars in turbulent diffusion flame with moderate swirl",
  author =  "S. H. St\r{a}rner and R. W. Bilger",
  booktitle = "Symposium (International) on Combustion",
  volume = "21",
  pages = "1569--1577",
  year = "1986"
}

Concept of turbulent flame speed depends on burner geometry
@article{1991-cheng,
  title = "{The Influence of Burner Geometry on Premixed Turbulent Flame Propagation}",
  author = "R. K. Cheng and I. G. Shepherd",
  journal = "Combustion and Flame",
  volume = "85",
  number = "1-2",
  pages = "7--26",
  year = "1991"
}

LSB flame stabilization mechanism (aerodynamic, not recirculation, etc)
@inproceedings{1992-chan,
  title = "Freely propagating open premixed turbulent flames stabilized by swirl",
  author = "C. K. Chan and K. S. Lau and W. K. Chin and R. K. Cheng",
  booktitle = "Symposium (International) on Combustion",
  volume = "24",
  pages = "511--518",
  year = "1992"
}

Analytical paper
@article{1994-shepherd,
  title = "{The Burning Rate of Premixed Turbulent Flames in Diverging Flows}",
  author = "I. G. Shepherd and L. W. Kostiuk",
  journal = "Combustion and Flame",
  volume = "96",
  number = "4",
  pages = "371--380",
  year = "1994"
}

LSB as an academic tool to study turbulent flames
@article{1995-bedat,
  title = "{Experimental Study of Premixed Flames in Intense Isotropic Turbulence}",
  author = "B. B\'{e}dat and R. K. Cheng",
  journal = "Combustion and Flame",
  volume = "100",
  number = "3",
  pages = "485--494",
  year = "1995"
}

Characteristics of velocity field, flame, etc.
@article{1995-cheng,
  title = "{Velocity and Scalar Characteristics of Premixed Turbulent Flames Stabilized by Weak Swirl}",
  author = "R. K. Cheng",
  journal = "Combustion and Flame",
  volume = "101",
  number = "1-2",
  pages = "1--14",
  year = "1995"
}

Turbulent flame speed at high pressure
@inproceedings{1996-kobayashi,
  title = "Burning velocity of turbulent premixed flames in a high-pressure environment",
  author = "H. Kobayashi and T. Tamura and K. Maruta and T. Niioka",
  booktitle = "Symposium (International) on Combustion",
  volume = "26",
  pages = "389--396",
  year = "1996"
}

Beam steering effects in high pressure turbulent flames
@inproceedings{1997-hemmerling,
  title = "Beam steering effects in turbulent high-pressure flames",
  author = "B. Hemmerling",
  booktitle = "Proceedings of SPIE",
  volume = "3108",
  pages = "32--37",
  year = "1997"
}

Turbulent flame speed at pressure
@article{1997-kobayashi,
  title = "{Turbulence Measurements and Observations of Turbulent Premixed Flames at Elevated Pressures up to 3.0 MPa}",
  author = "H. Kobayashi and T. Nakashima and T. Tamura and K. Maruta and T. Niioka",
  journal = "Combustion and Flame",
  volume = "108",
  number = "1-2",
  pages = "104--117",
  year = "1997"
}

Turbulent flame speed at pressure
@inproceedings{1998-kobayashi,
  title = "Experimental study on general correlation of turbulent burning velocity at high pressure",
  author = "H. Kobayashi and Y. Kawabata and K. Maruta",
  booktitle = "Symposium (International) on Combustion",
  volume = "27",
  pages = "941--948",
  year = "1998"
}

Scaling laws, geometric parameter variation
@article{1998-yegian,
  title = "Development of a lean premixed low-swirl burner for low \ce{NO_x} practical applications",
  author = "D. T. Yegian and R. K. Cheng",
  journal = "Combustion Science and Technology",
  volume = "139",
  number = "1",
  pages = "207--227",
  year = "1998"
}

Introduction of swirl number, reference velocity
@inproceedings{2000-cheng,
  title = "Scaling and development of low-swirl burners for low-emission furnaces and boilers",
  author = "R. K. Cheng and D. T. Yegian and M. M. Miyasato and G. S. Samuelsen and C. E. Benson and R. Pellizzari and P. Loftus",
  booktitle = "Proceedings of the Combustion Institute",
  volume = "28",
  pages = "1305--1313",
  year = "2000"
}

Flame brush thickness independent of u'/SL, ST/SL doesn't show bending effect
@inproceedings{2000-plessing,
  title = "Measurements of the turbulent burning velocity and the structure of premixed flames on a low-swirl burner",
  author = "T. Plessing and C. Kortschik and N. Peters and M. S. Mansour and R. K. Cheng",
  booktitle = "Proceedings of the Combustion Institute",
  volume = "28",
  pages = "359--366",
  year = "2000"
}

Analytical paper
@article{2001-shepherd,
  title = "{The Burning Rate of Premixed Flames in Moderate and Intense Turbulence}",
  author = "I. G. Shepherd and R. K. Cheng",
  journal = "Combustion and Flame",
  volume = "127",
  number = "3",
  pages = "2066--2075",
  year = "2001"
}

OH PLIF images of LSB flame
@article{2002-cheng,
  title = "Premixed turbulent flame structures in moderate and intense isotropic turbulence",
  author = "R. K. Cheng and I. G. Shepherd and B. B\'{e}dat and L. Talbot",
  journal = "Combustion Science and Technology",
  volume = "174",
  number = "1",
  pages = "29--59",
  year = "2002"
}

Turbulent flame speed at high pressure
@inproceedings{2002-kobayashi-a,
  title = "Relationship between the smallest scale of flame wrinkles and turbulence characteristics of high-pressure, high-temperature turbulent premixed flames",
  author = "H. Kobayashi and T. Kawahata and K. Seyama and T. Fujimari and J. S. Kim",
  booktitle = "Proceedings of the Combustion Institute",
  volume = "29",
  pages = "1793--1800",
  year = "2002"
}

Turbulent flame speed at pressure
@article{2002-kobayashi-b,
  title = "Experimental study of high-pressure turbulent premixed flames",
  author = "H. Kobayashi",
  journal = "Experimental Thermal and Fluid Science",
  volume = "26",
  number = "2",
  pages = "375--387",
  year = "2002"
}

Emissions, Chemkin modeling
@inproceedings{2002-littlejohn,
  title = "Laboratory investigation of an ultralow \ce{NO_x} premixed combustion concept for industrial boilers",
  author = "D. Littlejohn and A. J. Majeski and S. Tonse and C. Castaldini and R. K. Cheng",
  booktitle = "Proceedings of the Combustion Institute",
  volume = "29",
  pages = "1115--1121",
  year = "2002"
}

Rayleigh scattering; turbulence effect on flame
@inproceedings{2002-shepherd,
  title = "Premixed flame front structure in intense turbulence",
  author = "I. G. Shepherd and R. K. Cheng and T. Plessing and C. Kortschik and N. Peters",
  booktitle = "Proceedings of the Combustion Institute",
  volume = "29",
  pages = "1833--1840",
  year = "2002"
}

OH PLIF, Rayleigh images, uses LSB
@article{2004-kortschik,
  title = "Laser optical investigation of turbulent transport of temperature ahead of the preheat zone in a premixed flame",
  author = "C. Kortschik and T. Plessing and N. Peters",
  journal = "Combustion and Flame",
  volume = "136",
  number = "1-2",
  pages = "43--50",
  year = "2004"
}

Analytical paper about flame thickness, marginally related to LSB
@inproceedings{2005-degoey,
  title = "Analysis of the flame thickness of turbulent flamelets in the thin reaction zones regime",
  author = "L. P. H. de Goey and T. Plessing and R. T. E. Hermanns and N. Peters",
  booktitle = "Proceedings of the Combustion Institute",
  volume = "30",
  pages = "859--866",
  year = "2005"
}

High/Low swirl burner comparison, testing at high pressure, preheat
@inproceedings{2005-johnson,
  title = "A comparison of the flowfields and emissions of high-swirl injectors and low-swirl injectors for lean premixed gas turbines",
  author = "M. R. Johnson and D. Littlejohn and W. A. Nazeer and K. O. Smith and R. K. Cheng",
  booktitle = "Proceedings of the Combustion Institute",
  volume = "30",
  pages = "2867--2874",
  year = "2005"
}

Turbulent flame speed at pressure
@inproceedings{2005-kobayashi,
  title = "Burning velocity correlation of methane/air turbulent premixed flames at high pressure and high temperature",
  author = "H. Kobayashi and K. Seyama and H. Hagiwara and Y. Ogami",
  booktitle = "Proceedings of the Combustion Institute",
  volume = "30",
  pages = "827--834",
  year = "2005"
}

Similarity features, enclosure ratio, mean axial stretch, ST/SL
@inproceedings{2006-cheng,
  title = "Laboratory studies of the flow field characteristics of low-swirl injectors for adaptation to fuel-flexible turbines",
  author = "R. K. Cheng and D. Littlejohn and W. A. Nazeer and K. O. Smith",
  booktitle = "Proceedings of ASME Turbo Expo GT2006-90878",
  year = "2006"
}

High pressure tests, low emissions, LBO
@inproceedings{2006-nazeer,
  title = "Full scale testing of a low swirl fuel injector concept for ultra-low \ce{NO_x} gas turbine combustion systems",
  author = "W. A. Nazeer and K. O. Smith and P. Sheppard and R. K. Cheng and D. Littlejohn",
  booktitle = "Proceedings of ASME Turbo Expo GT2006-90150",
  year = "2006"
}

Le effects, computational paper, uses LSB
@inproceedings{2007-bell,
  title = "{Numerical simulation of Lewis number effects on lean premixed turbulent flames}",
  author = "J. B. Bell and R. K. Cheng and M. S. Day and I. G. Shepherd",
  booktitle = "Proceedings of the Combustion Institute",
  volume = "31",
  pages = "1309--1317",
  year = "2007"
}

Turbulent flame speed at pressure
@inproceedings{2007-griebel,
  title = "Flame characteristics of turbulent lean premixed methane/air flames at high pressure: Turbulent flame speed and flame brush thickness",
  author = "P. Griebel and P. Siewert and P. Jansohn",
  booktitle = "Proceedings of the Combustion Institute",
  volume = "31",
  pages = "3083--3090",
  year = "2007"
}

Emissions, behavior of different fuels
@inproceedings{2007-littlejohn,
  title = "Fuel effects on a low-swirl injector for lean premixed gas turbines",
  author = "D. Littlejohn and R. K. Cheng",
  booktitle = "Proceedings of the Combustion Institute",
  volume = "31",
  pages = "3155--3162",
  year = "2007"
}

Modified swirler, mapped velocity, imaged flame
@article{2007-petersson,
  title = "{Simultaneous PIV/\ce{OH}-PLIF, Rayleigh thermometry/\ce{OH}-PLIF and stereo PIV measurements in a low-swirl flame}",
  author = "P. Petersson and J. Olofsson and C. Brackman and H. Seyfried and J. Zetterberg and M. Richter and M. Ald\'{e}n and M. A. Linne and R. K. Cheng and A. Nauert and D. Geyer and A. Dreizler",
  journal = "Applied Optics",
  volume = "46",
  number = "19",
  pages = "3928--3936",
  year = "2007"
}

Journal paper of 2006-cheng
@article{2008-cheng-a,
  title = "{Laboratory Studies of the Flow Field Characteristics of Low-Swirl Injectors for Adaptation to Fuel-Flexible Turbines}",
  author = "R. K. Cheng and D. Littlejohn and W. A. Nazeer and K. O. Smith",
  journal = "Journal of Engineering for Gas Turbines and Power",
  volume = "130",
  pages = "021501",
  year = "2008"
}

Focus on hydrogen flames
@article{2008-cheng-b,
  title = "{Laboratory Study of Premixed \ce{H2}-Air and \ce{H2}-\ce{N2}-Air Flames in a Low-Swirl Injector for Ultralow Emissions Gas Turbines}",
  author = "R. K. Cheng and D. Littlejohn",
  journal = "Journal of Engineering for Gas Turbines and Power",
  volume = "130",
  pages = "031503",
  year = "2008"
}

Testing for enclosure effects at higher velocity, flame location
@inproceedings{2008-cheng-c,
  title = "Effects of combustor geometry on the flowfields and flame properties of a low-swirl injector",
  author = "R. K. Cheng and D. Littlejohn",
  booktitle = "Proceedings of ASME Turbo Expo GT2008-50504",
  year = "2008"
}

Syngas operation, PIV/Emissions. Not too relevant
@inproceedings{2008-littlejohn,
  title = "Laboratory investigations of low-swirl injectors operating with syngases",
  author = "D. Littlejohn and R. K. Cheng and D. R. Noble and T. Lieuwen",
  booktitle = "Proceedings of ASME Turbo Expo GT2008-51298",
  year = "2008"
}

High velocity, high pressure, flame images for methane, methane/hydrogen, etc.
@inproceedings{2009-cheng,
  title = "{Laboratory investigations of a low-swirl injector with \ce{H2} and \ce{CH4} at gas turbine conditions}",
  author = "R. K. Cheng and D. Littlejohn and P. A. Strakey and T. Sidwell",
  booktitle = "Proceedings of the Combustion Institute",
  volume = "32",
  pages = "3001--3009",
  year = "2009"
}

High pressure syngas work
@article{2010-littlejohn,
  title = "{Laboratory Investigations of Low-Swirl Injectors Operating With Syngases}",
  author = "D. Littlejohn and R. K. Cheng and D. R. Noble and T. Lieuwen",
  journal = "Journal of Engineering for Gas Turbines and Power",
  volume = "132",
  pages = "011502",
  year = "2010"
}

