The following is a list of miscellaneous journal and conference papers.
This is a temporary place to store citations that will be categorized later.
Requires mhchem(version 3) package.

Format for identifiers: "YYYY-firstauthorslastname": Omit accents, capitalization etc.
Include title, author, journal/booktitle, volume and/or number, pages, year for each entry.
Enclose title in {} for custom capitalization. \ce{} capitalization is preserved.
Keep the list chronological.

@article{1992-dasch,
  title = "One-dimensional tomography: a comparison of Abel, onion-peeling, and filtered backprojection methods",
  author = "C. J. Dasch",
  journal = "Applied Optics",
  volume = "31",
  number = "8",
  pages = "1146--1152",
  year = "1992"
}

@article{1997-melling,
  title = "Tracer particles and seeding for particle image velocimetry",
  author = "A. Melling",
  journal = "Measurement Science and Technology",
  volume = "8",
  number = "1",
  pages = "1406--1416",
  year = "1997"
}

@article{2011-marshall,
  title = "Development and characterization of a variable turbulence generation system",
  author = "A. Marshall and P. Venkateswaran and D. Noble and J. Seitzman and T. Lieuwen",
  journal = "Experiments in Fluids",
  volume = "51",
  number = "3",
  pages = "611--620",
  year = "2011"
}

@inproceedings{2006-hardalupas,
  title = "{Heat Release Rate Measurements in Premixed Flames using Chemiluminescence and Reaction Rate Imaging}",
  author = "Y. Hardalupas and C. S. Panoutsos and A. M. K. P. Taylor",
  booktitle = "44th AIAA Aerospace Sciences Meeting and Exhibit, Reno, NV, January 9--12",
  year = "2006"
}

