List of references relating to software
Requires mhchem(version 3) package.

Format for identifiers: "YYYY-firstauthorslastname".
Omit accents, capitalization etc in identifiers.
Journals: title, author, journal, volume, number, pages, year
Proceedings: title, author, booktitle, volume, pages, year
Enclose title in {} for custom capitalization.
Enclose chemical formulae in \ce{}.
Keep the list chronological.

LIFBASE
@manual{1999-luque-a,
  title = "{LIFBASE: Database and Spectral Simulation Program (Version 1.5)}",
  author = "J. Luque and D. R. Crosley",
  organization = "SRI International Report MP 99-009",
  year = "1999"
}
